<record><leader>00000cas a22000007a 4500</leader><controlfield tag="001">13133843</controlfield><controlfield tag="008">860210d18581867pauwr ne      0    0ger d</controlfield><datafield ind1=" " ind2=" " tag="010"><subfield code="a">sn 86081092 </subfield></datafield><datafield ind1=" " ind2=" " tag="040"><subfield code="a">NPH</subfield><subfield code="b">eng</subfield><subfield code="c">NPH</subfield><subfield code="d">OCLCQ</subfield></datafield><datafield ind1="0" ind2=" " tag="041"><subfield code="a">gereng</subfield></datafield><datafield ind1=" " ind2=" " tag="042"><subfield code="a">msc</subfield></datafield><datafield ind1="0" ind2="0" tag="245"><subfield code="a">Berichter und Anzeiger.</subfield></datafield><datafield ind1=" " ind2=" " tag="260"><subfield code="a">Aaronsburg, Pa. :</subfield><subfield code="b">Friedrich Kurtz</subfield></datafield><datafield ind1=" " ind2=" " tag="300"><subfield code="a">v. ;</subfield><subfield code="c">51-54 cm.</subfield></datafield><datafield ind1=" " ind2=" " tag="310"><subfield code="a">Weekly</subfield></datafield><datafield ind1="1" ind2=" " tag="362"><subfield code="a">Began in 1858?; ceased in 1867?</subfield></datafield><datafield ind1=" " ind2=" " tag="546"><subfield code="a">In German and English.</subfield></datafield><datafield ind1=" " ind2=" " tag="588"><subfield code="a">Description based on: Jahrg. 32, nr. 35 (Ma&#776;rz 2, 1860).</subfield></datafield><datafield ind1=" " ind2=" " tag="752"><subfield code="a">United States</subfield><subfield code="b">Pennsylvania</subfield><subfield code="c">Centre</subfield><subfield code="d">Aaronsburg.</subfield></datafield><datafield ind1="0" ind2="0" tag="780"><subfield code="t">Democratischer Berichter und Centre County Anzeiger</subfield><subfield code="w">(DLC)sn 86081091</subfield></datafield><datafield ind1="0" ind2="0" tag="785"><subfield code="t">Berichter Anzeiger</subfield><subfield code="w">(DLC)sn 85054521</subfield></datafield></record>